@comment{
techreport{nxxxx
  author={},
  title={{}},
  institution={ISO/IEC JTC1/SC22/WG21},
  type={Working paper},
  number={NXXXX},
  month=mmm,
  year=YYYY,
}
}


@techreport{p0614,
  author={Thomas KÃ¶ppe},
  title={Range-based for statements with initializer},
  institution={ISO/IEC JTC1/SC22/WG21},
  type={WG21 proposal},
  number={P0614R1},
  month=nov,
  year=2017,
}

@techreport{p0026,
  author={Matthew McAtamney-Greenwood},
  title={multi-range-based for loops},
  institution={ISO/IEC JTC1/SC22/WG21},
  type={WG21 proposal},
  number={P0026},
  month=aug,
  year=2015,
}
